<record><leader>00000cas a2200000 a 4500</leader><controlfield tag="001">38046928</controlfield><controlfield tag="008">971205d18771884miuwr n       0    0eng c</controlfield><datafield ind1=" " ind2=" " tag="010"><subfield code="a">sn 97070624 </subfield></datafield><datafield ind1=" " ind2=" " tag="040"><subfield code="a">MHN</subfield><subfield code="b">eng</subfield><subfield code="c">MHN</subfield><subfield code="d">OCL</subfield><subfield code="d">OCLCQ</subfield><subfield code="d">OCLCF</subfield><subfield code="d">OCLCO</subfield></datafield><datafield ind1="1" ind2=" " tag="029"><subfield code="a">AU@</subfield><subfield code="b">000013651890</subfield></datafield><datafield ind1=" " ind2=" " tag="042"><subfield code="a">pcc</subfield></datafield><datafield ind1=" " ind2=" " tag="043"><subfield code="a">n-us-mi</subfield></datafield><datafield ind1="0" ind2=" " tag="130"><subfield code="a">Lake City journal (Lake City, Mich.)</subfield></datafield><datafield ind1="1" ind2="0" tag="245"><subfield code="a">Lake City journal.</subfield></datafield><datafield ind1="3" ind2=" " tag="246"><subfield code="a">Lake City Republican journal</subfield></datafield><datafield ind1=" " ind2=" " tag="260"><subfield code="a">Lake City, Missaukee County, Mich. :</subfield><subfield code="b">L.A. Barker</subfield></datafield><datafield ind1=" " ind2=" " tag="300"><subfield code="a">v.</subfield></datafield><datafield ind1="0" ind2=" " tag="362"><subfield code="a">Vol. 1, no. 1 (Apr. 27, 1877)-</subfield></datafield><datafield ind1="1" ind2=" " tag="362"><subfield code="a">Ceased Apr. 1884?</subfield><subfield code="z">Cf. Plain dealer (Lake City, Mich.), Dec. 21, 1892.</subfield></datafield><datafield ind1=" " ind2=" " tag="500"><subfield code="a">"Republican" appears in small type over seal in masthead, Aug. 29, 1877-Apr. 10, 1883.</subfield></datafield><datafield ind1=" " ind2=" " tag="580"><subfield code="a">Merged with: Leader (Lake City, Mich.) (title uncertain), to form : New era (Lake City, Mich.).</subfield></datafield><datafield ind1=" " ind2=" " tag="588"><subfield code="a">Description based on: Vol. 1, no. 20 (Sept. 5, 1877).</subfield></datafield><datafield ind1=" " ind2="0" tag="651"><subfield code="a">Lake City (Mich.)</subfield><subfield code="v">Newspapers.</subfield></datafield><datafield ind1=" " ind2="0" tag="651"><subfield code="a">Missaukee County (Mich.)</subfield><subfield code="v">Newspapers.</subfield></datafield><datafield ind1=" " ind2="7" tag="655"><subfield code="a">Newspapers.</subfield><subfield code="2">fast</subfield><subfield code="0">(OCoLC)fst01423814</subfield></datafield><datafield ind1=" " ind2="7" tag="651"><subfield code="a">Michigan</subfield><subfield code="z">Lake City.</subfield><subfield code="2">fast</subfield><subfield code="0">(OCoLC)fst01233292</subfield></datafield><datafield ind1=" " ind2="7" tag="651"><subfield code="a">Michigan</subfield><subfield code="z">Missaukee County.</subfield><subfield code="2">fast</subfield><subfield code="0">(OCoLC)fst01216500</subfield></datafield><datafield ind1=" " ind2=" " tag="752"><subfield code="a">United States</subfield><subfield code="b">Michigan</subfield><subfield code="c">Missaukee</subfield><subfield code="d">Lake City.</subfield></datafield><datafield ind1="1" ind2="0" tag="785"><subfield code="a">Leader (Lake City, Mich.)</subfield></datafield><datafield ind1="1" ind2="0" tag="785"><subfield code="a">New era (Lake City, Mich.)</subfield></datafield></record>